@Manual{anderson2015,
  title = {Exhumation by debris flows in the 2013 Colorado Front Range storm},
  author = { S.W. Anderson and S.P. Anderson and R.S Anderson},
  journal = {Geology},
  year = {2015},
  pages = {31,94},
  url = {https://www.R-project.org/},
}

@article{meilgaard3sensory,
  title={Sensory Evaluation Techniques},
  author={Meilgaard, MC and Carr, BT and Civille, GV},
  journal={CRC Press, capitulo},
  year = {2006},
  volume={3},
  pages={47}
}