@article{chatterjee2009distribution,
  title={Distribution-free cumulative sum control charts using bootstrap-based control limits},
  author={Chatterjee, Snigdhansu and Qiu, Peihua},
  journal={The Annals of Applied Statistics},
  pages={349--369},
  year={2009},
  publisher={JSTOR}
}

@article{park2009median,
  title={Median control charts based on bootstrap method},
  author={Park, Hyo-Il},
  journal={Communications in Statisticsâ€”Simulation and Computation{\textregistered}},
  volume={38},
  number={3},
  pages={558--570},
  year={2009},
  publisher={Taylor \& Francis}
}